@online{bifdia,
  author = {McMaster University},
  title = {Bifurcation Diagram of the Logistic Map},
  url = {http://www.cas.mcmaster.ca/~cs2mf3/Project/bifurcationdiagram.html},
  urldate = {2020-8-23},
  note = {Accessed on 2020-8-23}
}
@online{4cyclim,
	author = {Weisstein, Eric W},
	title = {Decimal expansion of the bifurcation point B3, the onset of an 8-cycle in the logistic equation},
	url = {https://oeis.org/A086181},
	urldate = {2020-8-23},
	note = {Accessed on 2020-8-23}
}
@online{allcyclim,
	author = {Weisstein, Eric W},
	title = {Decimal expansion of the accumulation point of the logistic map.},
	url = {https://oeis.org/A098587},
	urldate = {2020-8-23},
	note = {Accessed on 2020-8-23}
}
@online{logis,
	author = {Weisstein, Eric W},
	title = {Logistic Map, From MathWorld -- A Wolfram Web Resource},
	url = {https://mathworld.wolfram.com/LogisticMap.html},
	urldate = {2020-8-23},
	note = {Accessed on 2020-8-23}
}
@online{totient,
	author = {Weisstein, Eric W},
	title = {Totiemt Function, From MathWorld -- A Wolfram Web Resource},
	url = {https://mathworld.wolfram.com/TotientFunction.html},
	urldate = {2020-8-26},
	note = {Accessed on 2020-8-26}
}

